<?xml version='1.0' encoding='UTF-8'?>
<record xmlns="http://www.loc.gov/MARC21/slim">
  <leader>00805cam a22002171a 4500</leader>
  <controlfield tag="001">2957117</controlfield>
  <controlfield tag="003">NjP</controlfield>
  <controlfield tag="005">20171109165320.0</controlfield>
  <controlfield tag="008">960929q19501959sy a          000 0 ara d</controlfield>
  <datafield tag="024" ind1="7" ind2=" ">
    <subfield code="a">princeton_aco002189</subfield>
    <subfield code="2">local</subfield>
  </datafield>
  <datafield ind1=" " ind2=" " tag="010">
    <subfield code="a">   68001243 </subfield>
  </datafield>
  <datafield ind1=" " ind2=" " tag="035">
    <subfield code="a">(CStRLIN)MAHGBIQ90080-B</subfield>
  </datafield>
  <datafield ind1=" " ind2=" " tag="035">
    <subfield code="a">(MH)MHBIQ90080HU</subfield>
  </datafield>
  <datafield ind1=" " ind2=" " tag="035">
    <subfield code="9">CPJ9075TS</subfield>
  </datafield>
  <datafield ind1=" " ind2=" " tag="040">
    <subfield code="d">CStRLIN</subfield>
    <subfield code="d">NjP</subfield>
  </datafield>
  <datafield ind1="1" ind2=" " tag="100">
    <subfield code="a">Rifāʻī, Anwar.</subfield>
  </datafield>
  <datafield ind1="1" ind2="0" tag="245">
    <subfield code="a">Jihād niṣf qarn li-samū al-Amīr Saʻīd Āl ʻAbd al-Qādir al-Jazāʼirī /</subfield>
    <subfield code="c">[taʼlīf] Anwar al-Rifāʻī.</subfield>
  </datafield>
  <datafield ind1=" " ind2=" " tag="260">
    <subfield code="a">Dimashaq :</subfield>
    <subfield code="b">al-Maṭbaʻah al-ʻUmūmīyah,</subfield>
    <subfield code="c">[195-?]</subfield>
  </datafield>
  <datafield ind1=" " ind2=" " tag="300">
    <subfield code="a">292 p. :</subfield>
    <subfield code="b">ill. ;</subfield>
    <subfield code="c">24 cm.</subfield>
  </datafield>
  <datafield ind1="1" ind2=" " tag="700">
    <subfield code="a">Jazāʼirī, Muḥammad Saʻīd ibn ʻAlī,</subfield>
    <subfield code="c">Amīr,</subfield>
    <subfield code="d">1880 or 1881-1970 or 1971.</subfield>
    <subfield code="0">http://id.loc.gov/authorities/names/nr93006407</subfield>
  </datafield>
  <datafield ind1=" " ind2=" " tag="948">
    <subfield code="a">jab/con</subfield>
  </datafield>
  <datafield ind1=" " ind2=" " tag="911">
    <subfield code="a">20000406</subfield>
  </datafield>
  <datafield ind1=" " ind2=" " tag="912">
    <subfield code="a">20000407031633.0</subfield>
  </datafield>
  <datafield ind1="0" ind2=" " tag="852">
    <subfield code="0">3271963</subfield>
    <subfield code="b">nec</subfield>
    <subfield code="t">1</subfield>
    <subfield code="h">DS98.3.J3</subfield>
    <subfield code="i">R5  1950z</subfield>
  </datafield>
  <datafield ind1=" " ind2=" " tag="959">
    <subfield code="a">2005-12-28 11:09:20 -0400</subfield>
  </datafield>
</record>
